@article{PracTeX-komapres,
    author    = "Marius Hofert, Markus Kohm",
    title     = "Scientific Presentations with LaTeX",
    journal   = "The PracTeX Journal",
    volume   = 2010,
    number   = "2",
    %pages    = "",
    year      = "2011",
    month    = "February 7",
    note     = "Also available on \url{http://tug.org/pracjourn/2010-2/hofert.html}",
}

@misc{latexwikibook:presentations,
      author = "Wikibooks",
      title = "LaTeX Wikibooks: Presentations",
      url = "https://secure.wikimedia.org/wikibooks/en/wiki/LaTeX/Presentations"
}
