@misc{lukeabraham.com,
  Author    = {N. L. Abraham},
  url       = {http://www.lukeabraham.com/},
  Year      = {2006--}
}


@inbook{Rose04,
  Author    = {Evelyn Rose},
  Title     = {The New Complete International Jewish Cookbook},
  publisher = {Robson Books Ltd},
  Year      = {2004},
  isbn      = {1-86105-732-6},
  Pages     = {617}
}


@article{abraham:224104,
author = {N. L. Abraham and M. I. J. Probert},
collaboration = {},
title = {A periodic genetic algorithm with real-space representation for crystal structure and polymorph prediction},
publisher = {APS},
year = {2006},
journal = {Physical Review B (Condensed Matter and Materials Physics)},
volume = {73},
number = {22},
eid = {224104},
numpages = {6},
pages = {224104},
keywords = {genetic algorithms; crystal structure; polymorphism; ab initio calculations; Lennard-Jones potential},
url = {http://link.aps.org/abstract/PRB/v73/e224104},
doi = {10.1103/PhysRevB.73.224104}
}


article{,
  Author    = {},
  Title     = {},
  Journal   = {},
  Year      = {},
  Volume    = {},
  Issue     = {},
  Pages     = {}
}


